<?xml version="1.0" encoding="UTF-8"?><collection xmlns="http://www.loc.gov/MARC21/slim"><record><leader>00444nam--2200169-u-4500</leader><controlfield tag="001">000055815</controlfield><controlfield tag="002">20161230</controlfield><controlfield tag="005">20161230201052</controlfield><controlfield tag="008">130806s1000------------r-----000-0-eng-d</controlfield><datafield ind1=" " ind2=" " tag="040"><subfield code="a">IFIN-HH</subfield></datafield><datafield ind1=" " ind2=" " tag="080"><subfield code="a">518.5</subfield></datafield><datafield ind1="1" ind2=" " tag="100"><subfield code="a">Gale, David</subfield></datafield><datafield ind1="1" ind2="0" tag="245"><subfield code="a">The theory of linear economic models</subfield><subfield code="c">David gale</subfield></datafield><datafield ind1=" " ind2=" " tag="260"><subfield code="a">New York</subfield><subfield code="b">Mcgraw-hill Book Company, Inc</subfield><subfield code="c">1960</subfield></datafield><datafield ind1=" " ind2=" " tag="300"><subfield code="a">XXI+330P</subfield></datafield><datafield ind1=" " ind2=" " tag="852"><subfield code="a">17047</subfield><subfield code="c">519.283</subfield></datafield><datafield ind1=" " ind2=" " tag="CAT"><subfield code="a">Sys</subfield><subfield code="c">20130806</subfield><subfield code="h">164556</subfield></datafield></record></collection>